<?xml version="1.0" encoding="utf-8"?>
<Document xmlns="urn:iso:std:iso:20022:tech:xsd:pain.001.001.09">
  <CstmrCdtTrfInitn>
    <GrpHdr>
      <MsgId>JFR-RUN-20260426052433</MsgId>
      <CreDtTm>2026-04-26T05:24:33+00:00</CreDtTm>
      <NbOfTxs>1</NbOfTxs>
      <CtrlSum>24.00</CtrlSum>
      <InitgPty>
        <Nm>Jungfrau Region Tourismus AG</Nm>
      </InitgPty>
    </GrpHdr>
    <PmtInf>
      <PmtInfId>JFR-PMT-20260426</PmtInfId>
      <PmtMtd>TRF</PmtMtd>
      <NbOfTxs>1</NbOfTxs>
      <CtrlSum>24.00</CtrlSum>
      <PmtTpInf>
        <SvcLvl>
          <Cd>SEPA</Cd>
        </SvcLvl>
      </PmtTpInf>
      <ReqdExctnDt>
        <Dt>2026-04-26</Dt>
      </ReqdExctnDt>
      <Dbtr>
        <Nm>Jungfrau Region Tourismus AG</Nm>
      </Dbtr>
      <DbtrAcct>
        <Id>
          <IBAN>CH9300762011623852957</IBAN>
        </Id>
      </DbtrAcct>
      <DbtrAgt>
        <FinInstnId>
          <BICFI>POFICHBEXXX</BICFI>
        </FinInstnId>
      </DbtrAgt>
      <CdtTrfTxInf>
        <PmtId>
          <EndToEndId>JFR-202604-330751</EndToEndId>
        </PmtId>
        <Amt>
          <InstdAmt Ccy="CHF">24.00</InstdAmt>
        </Amt>
        <CdtrAgt>
          <FinInstnId>
            <BICFI>CRESCHZZ80A</BICFI>
          </FinInstnId>
        </CdtrAgt>
        <Cdtr>
          <Nm>Bäckerei Müller Grindelwald</Nm>
        </Cdtr>
        <CdtrAcct>
          <Id>
            <IBAN>CH5604835012345678901</IBAN>
          </Id>
        </CdtrAcct>
        <RmtInf>
          <Ustrd>JFR redemptions 2020-01-01 to 2099-12-31, 2 txn(s), ref JFR-202604-330751</Ustrd>
        </RmtInf>
      </CdtTrfTxInf>
    </PmtInf>
  </CstmrCdtTrfInitn>
</Document>
